

@book{latexcompanion,
    author    = "Michel Goossens and Frank Mittelbach and Alexander Samarin",
    title     = "The \LaTeX\ Companion",
    year      = "1993",
    publisher = "Addison-Wesley",
    address   = "Reading, Massachusetts"
}

@misc{Wiki_sc,
  title = {Smart card - Wikipedia},
  howpublished = {\url{https://it.wikipedia.org/wiki/Smart_card}},
  note = {31/07/2019}
}
 
@misc{knuthwebsite,
    title     = "Knuth: Computers and Typesetting",
    author    = "Donald Knuth",
    url       = "http://www-cs-faculty.stanford.edu/\~{}uno/abcde.html"
}


